% vim: tw=80 ai fdl=99
%
% $Id$
%

@manual{OHCIspecs:2000,
        organization = "Promoters of the 1394 Open HCI",
        title = "1394 Open Host Controller Interface Specification",
        year = "2000",
        month = "January"
}

@book{fwire_sys_arch:2222,
	author = "Don Anderson",
	title = "FireWire System Architecture - IEEE 1394",
	publisher = "Addison Wesley",
	year = "1999",
	month = "February",
	note = "ISBN 0201485354"
}

@book{rwth_syspro_scriptum:2002,
	author = "Otto Spaniol and others",
	title = "Systemprogrammierung, Skript zur Vorlesung an der RWTH Aachen",
	publisher = "Wissenschaftsverlag Mainz; Aachener Beitraege zur Informatik (ABI)",
	year="2002",
	note="ISBN 3-86073-470-9"
}

@MISC{rux2k6firewire:2006,
	AUTHOR = "Adam Boileau",
	TITLE = "Ruxcon 2006: Hit by a Bus: Physical Access Attacks with Firewire",
	YEAR = "2006",
	NOTE="\href{http://security-assessment.com/}{http://security-assessment.com/}"
}

@manual{IA32_SDM_1:2006,
	organization = "Intel Corp.",
	title = "Intel 64 and IA-32 Architectures Software Developer's Manual, Volume 1: Basic Architecture",
	year = "2006",
	note = "\href{http://developer.intel.com/}{http://developer.intel.com/}"
}
@manual{IA32_SDM_2a:2006,
	organization = "Intel Corp.",
	title = "Intel 64 and IA-32 Architectures Software Developer's Manual, Volume 2A: Instruction Set Reference, A-M",
	year = "2006",
	note = "\href{http://developer.intel.com/}{http://developer.intel.com/}"
}
@manual{IA32_SDM_2b:2006,
	organization = "Intel Corp.",
	title = "Intel 64 and IA-32 Architectures Software Developer's Manual, Volume 2B: Instruction Set Reference, N-Z",
	year = "2006",
	note = "\href{http://developer.intel.com/}{http://developer.intel.com/}"
}
@manual{IA32_SDM_3a:2006,
	organization = "Intel Corp.",
	title = "Intel 64 and IA-32 Architectures Software Developer's Manual, Volume 3A: System Programming Guide, Part 1",
	year = "2006",
	note = "\href{http://developer.intel.com/}{http://developer.intel.com/}"
}
@manual{IA32_SDM_3b:2006,
	organization = "Intel Corp.",
	title = "Intel 64 and IA-32 Architectures Software Developer's Manual, Volume 3B: System Programming Guide, Part 2",
	year = "2006",
	note = "\href{http://developer.intel.com/}{http://developer.intel.com/}"
}

@article{clustering_by_compression:2005,
	author = "Rudi Cilibrasi and Paul M. B. Vit\'anyi",
	title = "Clustering by Compression",
	journal = "IEEE transactions on information theory",
	year = "2005",
	note = "\href{http://www.cwi.nl/~paulv/papers/cluster.pdf}{http://www.cwi.nl/~paulv/papers/cluster.pdf}"
}

@booklet{analysing_worms_with_ncd:2006,
	author = "Stephanie Wehner",
	title = "Analyzing Worms and Network Traffic using Compression",
	year = "2006",
	month = "May",
	note = "\href{http://arxiv.org/pdf/cs.CR/0504045}{http://arxiv.org/pdf/cs.CR/0504045}"
}

@book{kolmogorov:1997,
	author = "Ming Li and Paul M. B. Vit\'anyi",
	title = "An Introduction to Kolmogorov Complexity and Its Applications
		(2nd Edition)",
	year = "1997",
	publisher = "Springer Verlag",
	note = "ISBN 0387948686"
}


@article{similarity_matrix:2004,
	author = "Ming Li and Xin Chen and Xin Li and Paul M. B. Vit\'anyi",
	title = "The Similarity Metric",
	journal = "IEEE transactions on information theory",
	year = "2004",
	month = "August",
	note = "\href{http://arxiv.org/pdf/cs.CR/0111054}{http://arxiv.org/pdf/cs.CR/0111054}"
}
